@String{ JCP     = "Journal of Computational Physics"}
@String{ JAS     = "Journal of Atmospheric Sciences"}
@String{ APJ     = "Astrophysical Journal"}
@String{ APJL     = "Astrophysical Journal Letters"}
@String{ APJ:sup = "Astrophysical Journal Supplement"}
@String{ AAP     = "Astronomy and Astrophysics"}
@String{ SJSSC   = "SIAM J. Sci. Statist. Comput."}

@BOOK{sagaut,
  title = {{Large eddy simulation for incompressible flows: An introduction}},
  publisher = {Berlin: Springer-Verlag},
  year = {2006},
  author = {Sagaut, P.},
  owner = {asmaier},
}

@Article{schumann:1975,
  author =       {Schumann, U.},
  title =        {Subgrid scale model for finite difference simulations of turbu
lent flows in plane channels and annuli},
  journal =      JCP,
  year =         {1975},
  volume =       {18},
  pages =        {376-404},
}

@ARTICLE{schmidt:2006,
   author = {{Schmidt}, W. and {Niemeyer}, J.~C. and {Hillebrandt}},
    title = "{A localised subgrid scale model for fluid dynamical simulations in astrophysics. I. Theory and numerical tests}",
  journal = AAP,
     year = 2006,
   volume = 450,
    pages = {265-281},
      doi = {10.1051/0004-6361:20053617},
   adsurl = {http://esoads.eso.org/cgi-bin/nph-bib_query?bibcode=2006A%26A...450..265S&db_key=AST},
  adsnote = {Provided by the Smithsonian/NASA Astrophysics Data System}
}

@ARTICLE{maier:2009,
   author = {{Maier}, A. and {Iapichino}, L. and {Schmidt}, W. and {Niemeyer}, J.~C.
	},
    title = "{Adaptively Refined Large Eddy Simulations of a Galaxy Cluster: Turbulence Modeling and the Physics of the Intracluster Medium}",
  journal = APJ,
archivePrefix = "arXiv",
   eprint = {0909.1800},
 keywords = {galaxies: clusters: general, hydrodynamics, methods: numerical, turbulence },
     year = 2009,
   volume = 707,
    pages = {40-54},
      doi = {10.1088/0004-637X/707/1/40},
   adsurl = {http://cdsads.u-strasbg.fr/abs/2009ApJ...707...40M},
  adsnote = {Provided by the SAO/NASA Astrophysics Data System}
}

@ARTICLE{schmidt:2011,
   author = {{Schmidt}, W. and {Federrath}, C.},
    title = "{A fluid-dynamical subgrid scale model for highly compressible astrophysical turbulence}",
  journal = AAP,
archivePrefix = "arXiv",
   eprint = {1010.4492},
 primaryClass = "astro-ph.GA",
 keywords = {hydrodynamics, turbulence, methods: numerical, ISM: kinematics and dynamics, galaxies: evolution},
     year = 2011,
    month = apr,
   volume = 528,
    pages = {A106+},
      doi = {10.1051/0004-6361/201015630},
   adsurl = {http://cdsads.u-strasbg.fr/abs/2011A%26A...528A.106S},
  adsnote = {Provided by the SAO/NASA Astrophysics Data System}
}

@article{SchmHille06,
	Author = {W. Schmidt and W. Hillebrandt and J. C. Niemeyer},
	Journal = {{Comp. Fluids.}},
	Pages = {353-371},
	Title = {Numerical dissipation and the bottleneck effect in simulations of compressible isotropic turbulence},
	Volume = {35},
	Year = {2006}
}

@book{Schmidt14,
      author={{Schmidt}, W.},
      title="Numerical Modelling of Astrophysical Turbulence",
      series="Springer Briefs in Astronomy",
      publisher="Springer",
      year=2014
}
@book{grbk1,
      author={{K}ippenhahn, R. and  {W}eigert, A.},
      title="Stellar Structure and Evolution",
      publisher="Springer",
      year="1990"
}

@book{grbk2,
      author={{Zeldovich}, Y.~B. and  {Novikov}, D.},
      title="Relativistic astrophysics. Vol.1: Stars and relativity",
      publisher="University of Chicago Press",
      year=1971
}
@article{lukic15,
author = {Luki\'c, Zarija and Stark, Casey W. and Nugent, Peter and White, Martin and Meiksin, Avery A. and Almgren, Ann},
title = "{The Lyman-$\alpha$ forest in optically thin hydrodynamical simulations}",
journal = {Monthly Notices of the Royal Astronomical Society},
volume = {446},
number = {4},
pages = {3697-3724},
year = {2015},
doi = {10.1093/mnras/stu2377},
URL = { + http://dx.doi.org/10.1093/mnras/stu2377},
eprint = {/oup/backfile/content_public/journal/mnras/446/4/10.1093_mnras_stu2377/2/stu2377.pdf}
}

@article{Nonaka2012,
author = { A.   Nonaka  and  J. B.   Bell  and  M. S.   Day  and  C.   Gilet  and  A. S.   Almgren  and  M. L.   Minion },
title = {A deferred correction coupling strategy for low Mach number flow with complex chemistry},
journal = {Combustion Theory and Modelling},
volume = {16},
number = {6},
pages = {1053-1088},
year  = {2012},
publisher = {Taylor & Francis},
doi = {10.1080/13647830.2012.701019}

}

@article{Lukic2015,
author = {Lukić, Zarija and Stark, Casey W. and Nugent, Peter and White, Martin and Meiksin, Avery A. and Almgren, Ann},
title = {The Lyman α forest in optically thin hydrodynamical simulations},
journal = {Monthly Notices of the Royal Astronomical Society},
volume = {446},
number = {4},
pages = {3697-3724},
year = {2015},
doi = {10.1093/mnras/stu2377}

}