@article{nyx-paper1,
  title={Nyx: A Massively Parallel AMR Code for Computational Cosmology},
  author={A.S. Almgren adnd J.B. Bell and M.J. Lijewski and Z. Lukic and E. Van Andel},
  journal={Astrophysical Journal},
  volume={765},
  number={39},
  year={2013},
  publisher={IOP Publishing}
}
